<?xml version="1.0" encoding="UTF-8"?><collection xmlns="http://www.loc.gov/MARC21/slim"><record><leader>00404nam--2200121-i-4500</leader><controlfield tag="001">000039372</controlfield><controlfield tag="002">20161230</controlfield><controlfield tag="005">20161230201042</controlfield><controlfield tag="008">060222s1000------------r-----000-0-eng-d</controlfield><datafield ind1=" " ind2=" " tag="080"><subfield code="a">621.311.2:621.039(914)</subfield></datafield><datafield ind1=" " ind2=" " tag="245"><subfield code="a">Pre-investment study on power including nuclear power in luzon republic of the philippines. general report</subfield></datafield><datafield ind1=" " ind2=" " tag="260"><subfield code="a">Vienna, International Atomic Energy Agency, 1966, 191p</subfield></datafield><datafield ind1=" " ind2=" " tag="852"><subfield code="a">45105</subfield></datafield></record></collection>